@article{zhang2000neural,
  title={Neural networks for classification: a survey},
  author={Zhang, Guoqiang Peter},
  journal={IEEE Transactions on Systems, Man, and Cybernetics, Part C (Applications and Reviews)},
  volume={30},
  number={4},
  pages={451--462},
  year={2000},
  publisher={IEEE}
}

@inproceedings{li2015depth,
  title={Depth and surface normal estimation from monocular images using regression on deep features and hierarchical crfs},
  author={Li, Bo and Shen, Chunhua and Dai, Yuchao and Van Den Hengel, Anton and He, Mingyi},
  booktitle={Proceedings of the IEEE conference on computer vision and pattern recognition},
  pages={1119--1127},
  year={2015}
}

@article{wang2004image,
  title={Image quality assessment: from error visibility to structural similarity},
  author={Wang, Zhou and Bovik, Alan C and Sheikh, Hamid R and Simoncelli, Eero P and others},
  journal={IEEE transactions on image processing},
  volume={13},
  number={4},
  pages={600--612},
  year={2004}
}

@article{Zhou2018,
    author    = {Qian-Yi Zhou and Jaesik Park and Vladlen Koltun},
    title     = {{Open3D}: {A} Modern Library for {3D} Data Processing},
    journal   = {arXiv:1801.09847},
    year      = {2018},
}

@inproceedings{ummenhofer2017demon,
  title={Demon: Depth and motion network for learning monocular stereo},
  author={Ummenhofer, Benjamin and Zhou, Huizhong and Uhrig, Jonas and Mayer, Nikolaus and Ilg, Eddy and Dosovitskiy, Alexey and Brox, Thomas},
  booktitle={Proceedings of the IEEE Conference on Computer Vision and Pattern Recognition},
  pages={5038--5047},
  year={2017}
}

@inproceedings{huang2018deepmvs,
  title={Deepmvs: Learning multi-view stereopsis},
  author={Huang, Po-Han and Matzen, Kevin and Kopf, Johannes and Ahuja, Narendra and Huang, Jia-Bin},
  booktitle={Proceedings of the IEEE Conference on Computer Vision and Pattern Recognition},
  pages={2821--2830},
  year={2018}
}
@article{guyon1991applications,
  title={Applications of neural networks to character recognition},
  author={Guyon, Isabelle},
  journal={International Journal of Pattern Recognition and Artificial Intelligence},
  volume={5},
  number={01n02},
  pages={353--382},
  year={1991},
  publisher={World Scientific}
}
@article{ANDERSEN1998222,
title = "Perception of three-dimensional structure from motion",
journal = "Trends in Cognitive Sciences",
volume = "2",
number = "6",
pages = "222 - 228",
year = "1998",
issn = "1364-6613",
doi = "https://doi.org/10.1016/S1364-6613(98)01181-4",
url = "http://www.sciencedirect.com/science/article/pii/S1364661398011814",
author = "Richard A Andersen and David C Bradley",
keywords = "structure-from-motion, area MT, depth perception, transparent motion, direction opponency",
}
@article{sfm,
title = "Perception of three-dimensional structure from motion",
journal = "Trends in Cognitive Sciences",
volume = "2",
number = "6",
pages = "222 - 228",
year = "1998",
issn = "1364-6613",
doi = "https://doi.org/10.1016/S1364-6613(98)01181-4",
url = "http://www.sciencedirect.com/science/article/pii/S1364661398011814",
author = "Richard A Andersen and David C Bradley",
keywords = "structure-from-motion, area MT, depth perception, transparent motion, direction opponency",
}
@article{timeofflight,
author = {Kolb, A. and Barth, E. and Koch, R. and Larsen, R.},
title = {Time-of-Flight Cameras in Computer Graphics},
journal = {Computer Graphics Forum},
volume = {29},
number = {1},
pages = {141-159},
keywords = {3D time-of-flight cameras, range images, sensor fusion, scene analysis, depth keying, user interaction, tracking, light fields, I.3.7 Computer Graphics: Three-Dimensional Graphics and Realism, I.3.8 Computer Graphics: Applications, I.4.1 Image Processing and Computer Vision: Digitization and Image Capture, I.4.8 Image Processing and Computer Vision: Scene Analysis},
doi = {10.1111/j.1467-8659.2009.01583.x},
url = {https://onlinelibrary.wiley.com/doi/abs/10.1111/j.1467-8659.2009.01583.x},
eprint = {https://onlinelibrary.wiley.com/doi/pdf/10.1111/j.1467-8659.2009.01583.x},
year = {2010}
}
@article{tof2,
author = {Foix, Sergi and Aleny√†, Guillem and Torras, Carme},
year = {2011},
month = {10},
pages = {1917 - 1926},
title = {Lock-in Time-of-Flight (ToF) cameras: A survey},
volume = {11},
journal = {Sensors Journal, IEEE},
doi = {10.1109/JSEN.2010.2101060}
}
@inproceedings{stereoimaging,
author = {Zenati, Nadia and Zerhouni, Noureddine},
year = {2007},
month = {12},
pages = {1503 - 1506},
title = {Dense Stereo Matching with Application to Augmented Reality},
doi = {10.1109/ICSPC.2007.4728616}
}
@article{3DLasertechnique,
author = {Mostafa, Abdel-Bary and Ebrahim, Mostafa},
year = {2015},
month = {10},
pages = {5-611},
title = {3D Laser Scanners' Techniques Overview},
volume = {4},
journal = {International Journal of Science and Research (IJSR)}
}
@inproceedings{xu2017multi,
  title={Multi-scale continuous crfs as sequential deep networks for monocular depth estimation},
  author={Xu, Dan and Ricci, Elisa and Ouyang, Wanli and Wang, Xiaogang and Sebe, Nicu},
  booktitle={Proceedings of the IEEE Conference on Computer Vision and Pattern Recognition},
  pages={5354--5362},
  year={2017}
}

@inproceedings{yin2018geonet,
  title={Geonet: Unsupervised learning of dense depth, optical flow and camera pose},
  author={Yin, Zhichao and Shi, Jianping},
  booktitle={Proceedings of the IEEE Conference on Computer Vision and Pattern Recognition},
  pages={1983--1992},
  year={2018}
}


@inproceedings{godard2017unsupervised,
  title={Unsupervised monocular depth estimation with left-right consistency},
  author={Godard, Cl{\'e}ment and Mac Aodha, Oisin and Brostow, Gabriel J},
  booktitle={Proceedings of the IEEE Conference on Computer Vision and Pattern Recognition},
  pages={270--279},
  year={2017}
}
@inproceedings{chen2018estimating,
  title={Estimating depth from RGB and sparse sensing},
  author={Chen, Zhao and Badrinarayanan, Vijay and Drozdov, Gilad and Rabinovich, Andrew},
  booktitle={Proceedings of the European Conference on Computer Vision (ECCV)},
  pages={167--182},
  year={2018}
}

@inproceedings{qi2018geonet,
  title={Geonet: Geometric neural network for joint depth and surface normal estimation},
  author={Qi, Xiaojuan and Liao, Renjie and Liu, Zhengzhe and Urtasun, Raquel and Jia, Jiaya},
  booktitle={Proceedings of the IEEE Conference on Computer Vision and Pattern Recognition},
  pages={283--291},
  year={2018}
}
@inproceedings{lee2007constraints,
  title={Constraints for stereoscopic vision in stereo camera phone},
  author={Lee, Kwang-Hoon and Kim, Soo-Ho and Yoon, Young-Soo and Son, Jung-Young and Park, Min-Chul and Kim, Sung-Kyu},
  booktitle={Three-Dimensional TV, Video, and Display VI},
  volume={6778},
  pages={67780H},
  year={2007},
  organization={International Society for Optics and Photonics}
}


@article{lehnert2017neue,
  title={Neue AR-App IKEA Place--jetzt verf{\"u}gbar},
  author={Lehnert, A},
  journal={Online verf{\"u}gbar unter https://www. ikea-unternehmensblog. de/article/2017/ikea-place-app, zuletzt gepr{\"u}ft am},
  volume={7},
  pages={2018},
  year={2017}
}

@inproceedings{lee2019monocular,
  title={Monocular Depth Estimation Using Relative Depth Maps},
  author={Lee, Jae-Han and Kim, Chang-Su},
  booktitle={Proceedings of the IEEE Conference on Computer Vision and Pattern Recognition},
  pages={9729--9738},
  year={2019}
}

 @InProceedings{Zhang_2019_CVPR,
author = {Zhang, Zhenyu and Cui, Zhen and Xu, Chunyan and Yan, Yan and Sebe, Nicu and Yang, Jian},
title = {Pattern-Affinitive Propagation Across Depth, Surface Normal and Semantic Segmentation},
booktitle = {The IEEE Conference on Computer Vision and Pattern Recognition (CVPR)},
month = {June},
year = {2019}
}


@article{ramamonjisoa2019sharpnet,
  title={SharpNet: Fast and Accurate Recovery of Occluding Contours in Monocular Depth Estimation},
  author={Ramamonjisoa, Micha{\"e}l and Lepetit, Vincent},
  journal={arXiv preprint arXiv:1905.08598},
  year={2019}
}

@article{bourlard1993continuous,
  title={Continuous speech recognition by connectionist statistical methods},
  author={Bourlard, Herve and Morgan, Nelson},
  journal={IEEE Transactions on Neural Networks},
  volume={4},
  number={6},
  pages={893--909},
  year={1993},
  publisher={IEEE}
}

@inproceedings{marin2014hand,
  title={Hand gesture recognition with leap motion and kinect devices},
  author={Marin, Giulio and Dominio, Fabio and Zanuttigh, Pietro},
  booktitle={2014 IEEE International Conference on Image Processing (ICIP)},
  pages={1565--1569},
  year={2014},
  organization={IEEE}
}

@article{zhang2012microsoft,
  title={Microsoft kinect sensor and its effect},
  author={Zhang, Zhengyou},
  journal={IEEE multimedia},
  volume={19},
  number={2},
  pages={4--10},
  year={2012},
  publisher={IEEE}
}

@inproceedings{choi2017all,
  title={An all pixel PDAF CMOS image sensor with 0.64 $\mu$mx1. 28$\mu$m photodiode separated by self-aligned in-pixel deep trench isolation for high AF performance},
  author={Choi, Sungsoo and Lee, Kyungho and Yun, Jungbin and Choi, Sungho and Lee, Seungjoon and Park, Junghoon and Shim, Eun Sub and Pyo, Junghyung and Kim, Bumsuk and Jung, Minwook and others},
  booktitle={2017 Symposium on VLSI Technology},
  pages={T104--T105},
  year={2017},
  organization={IEEE}
}

@inproceedings{martinello2015dual,
  title={Dual aperture photography: Image and depth from a mobile camera},
  author={Martinello, Manuel and Wajs, Andrew and Quan, Shuxue and Lee, Hank and Lim, Chien and Woo, Taekun and Lee, Wonho and Kim, Sang-Sik and Lee, David},
  booktitle={2015 IEEE International Conference on Computational Photography (ICCP)},
  pages={1--10},
  year={2015},
  organization={IEEE}
}

@misc{li2009dual,
  title={Dual mode camera solution apparatus, system, and method},
  author={Li, Hongjun and He, James Xinping and Yang, Henry Hongli},
  year={2009},
  month=apr # "~2",
  publisher={Google Patents},
  note={US Patent App. 11/863,093}
}

@article{widrow1994neural,
  title={Neural networks: applications in industry, business and science},
  author={Widrow, Bernard and Rumelhart, David E and Lehr, Michael A},
  journal={Communications of the ACM},
  volume={37},
  number={3},
  pages={93--106},
  year={1994},
  publisher={Association for Computing Machinery, Inc.}
}

@inproceedings{nadar2019towards,
  title={Towards CNN-based Acoustic Modeling of Seventh Chords for Automatic Chord Recognition},
  author={Nadar, Christon-Ragavan and Abe{\ss}er, Jakob and Grollmisch, Sascha},
  booktitle={Proceedings of the International Conference on Sound and Music Computing, M{\'a}laga, Spain},
  year={2019}
}

@article{baxt1990use,
  title={Use of an artificial neural network for data analysis in clinical decision-making: the diagnosis of acute coronary occlusion},
  author={Baxt, William G},
  journal={Neural computation},
  volume={2},
  number={4},
  pages={480--489},
  year={1990},
  publisher={MIT Press}
}

@article{sze2017efficient,
  title={Efficient processing of deep neural networks: A tutorial and survey},
  author={Sze, Vivienne and Chen, Yu-Hsin and Yang, Tien-Ju and Emer, Joel S},
  journal={Proceedings of the IEEE},
  volume={105},
  number={12},
  pages={2295--2329},
  year={2017},
  publisher={Ieee}
}


@article{torralba2002depth,
  title={Depth estimation from image structure},
  author={Torralba, Antonio and Oliva, Aude},
  journal={IEEE Transactions on pattern analysis and machine intelligence},
  volume={24},
  number={9},
  pages={1226--1238},
  year={2002},
  publisher={IEEE}
}

@article{pentland1987new,
  title={A new sense for depth of field},
  author={Pentland, Alex Paul},
  journal={IEEE transactions on pattern analysis and machine intelligence},
  number={4},
  pages={523--531},
  year={1987},
  publisher={IEEE}
}
@article{lai1992generalized,
  title={A generalized depth estimation algorithm with a single image},
  author={Lai, Shang-Hong and Fu, Chang-Wu and Chang, Shyang},
  journal={IEEE transactions on pattern analysis and machine intelligence},
  volume={14},
  number={4},
  pages={405--411},
  year={1992},
  publisher={IEEE}
}

@article{Shi2015BreakAR,
  title={Break Ames room illusion: depth from general single images},
  author={Jianping Shi and Xin Tao and Li Xu and Jiaya Jia},
  journal={ACM Trans. Graph.},
  year={2015},
  volume={34},
  pages={225:1-225:11}
}


@techreport{barnard1982computational,
  title={Computational stereo},
  author={Barnard, Stephen T and Fischler, Martin A},
  year={1982},
  institution={SRI INTERNATIONAL MENLO PARK CA ARTIFICIAL INTELLIGENCE CENTER}
}
@incollection{barnard1987stochastic,
  title={A stochastic approach to stereo vision},
  author={Barnard, Stephen T},
  booktitle={Readings in Computer Vision},
  pages={21--25},
  year={1987},
  publisher={Elsevier}
}


@inproceedings{he2016deep,
  title={Deep residual learning for image recognition},
  author={He, Kaiming and Zhang, Xiangyu and Ren, Shaoqing and Sun, Jian},
  booktitle={Proceedings of the IEEE conference on computer vision and pattern recognition},
  pages={770--778},
  year={2016}
}

@article{iandola2016squeezenet,
  title={SqueezeNet: AlexNet-level accuracy with 50x fewer parameters and< 0.5 MB model size},
  author={Iandola, Forrest N and Han, Song and Moskewicz, Matthew W and Ashraf, Khalid and Dally, William J and Keutzer, Kurt},
  journal={arXiv preprint arXiv:1602.07360},
  year={2016}
}
@inproceedings{huang2017densely,
  title={Densely connected convolutional networks},
  author={Huang, Gao and Liu, Zhuang and Van Der Maaten, Laurens and Weinberger, Kilian Q},
  booktitle={Proceedings of the IEEE conference on computer vision and pattern recognition},
  pages={4700--4708},
  year={2017}
}
@article{inpainting,
author = {Guillemot, Christine and Le Meur, Olivier},
year = {2014},
month = {01},
pages = {127-144},
title = {Image Inpainting : Overview and Recent Advances},
volume = {31},
journal = {Signal Processing Magazine, IEEE},
doi = {10.1109/MSP.2013.2273004}
}
@inproceedings{saxena2006learning,
  title={Learning depth from single monocular images},
  author={Saxena, Ashutosh and Chung, Sung H and Ng, Andrew Y},
  booktitle={Advances in neural information processing systems},
  pages={1161--1168},
  year={2006}
}

@inproceedings{mal2018sparse,
  title={Sparse-to-dense: Depth prediction from sparse depth samples and a single image},
  author={Mal, Fangchang and Karaman, Sertac},
  booktitle={2018 IEEE International Conference on Robotics and Automation (ICRA)},
  pages={1--8},
  year={2018},
  organization={IEEE}
}

@article{ding2019low,
  title={Low-Cost and Efficient Indoor 3D Reconstruction through Annotated Hierarchical Structure-from-Motion},
  author={Ding, Youli and Zheng, Xianwei and Zhou, Yan and Xiong, Hanjiang and others},
  journal={Remote Sensing},
  volume={11},
  number={1},
  pages={58},
  year={2019},
  publisher={Multidisciplinary Digital Publishing Institute}
}

@inproceedings{adan20113d,
  title={3D reconstruction of interior wall surfaces under occlusion and clutter},
  author={Adan, Antonio and Huber, Daniel},
  booktitle={2011 International Conference on 3D Imaging, Modeling, Processing, Visualization and Transmission},
  pages={275--281},
  year={2011},
  organization={IEEE}
}

@article{micheletti2015investigating,
  title={Investigating the geomorphological potential of freely available and accessible structure-from-motion photogrammetry using a smartphone},
  author={Micheletti, Natan and Chandler, Jim H and Lane, Stuart N},
  journal={Earth Surface Processes and Landforms},
  volume={40},
  number={4},
  pages={473--486},
  year={2015},
  publisher={Wiley Online Library}
}

@article{saxena2008make3d,
  title={Make3d: Learning 3d scene structure from a single still image},
  author={Saxena, Ashutosh and Sun, Min and Ng, Andrew Y},
  journal={IEEE transactions on pattern analysis and machine intelligence},
  volume={31},
  number={5},
  pages={824--840},
  year={2008},
  publisher={IEEE}
}

@article{scharstein2002taxonomy,
  title={A taxonomy and evaluation of dense two-frame stereo correspondence algorithms},
  author={Scharstein, Daniel and Szeliski, Richard},
  journal={International journal of computer vision},
  volume={47},
  number={1-3},
  pages={7--42},
  year={2002},
  publisher={Springer}
}

@inproceedings{ladicky2014pulling,
  title={Pulling things out of perspective},
  author={Ladicky, Lubor and Shi, Jianbo and Pollefeys, Marc},
  booktitle={Proceedings of the IEEE conference on computer vision and pattern recognition},
  pages={89--96},
  year={2014}
}

 @InProceedings{Fouhey_2013_ICCV,
author = {Fouhey, David F. and Gupta, Abhinav and Hebert, Martial},
title = {Data-Driven 3D Primitives for Single Image Understanding},
booktitle = {The IEEE International Conference on Computer Vision (ICCV)},
month = {December},
year = {2013}
}


@inproceedings{ha2016high,
  title={High-quality depth from uncalibrated small motion clip},
  author={Ha, Hyowon and Im, Sunghoon and Park, Jaesik and Jeon, Hae-Gon and So Kweon, In},
  booktitle={Proceedings of the IEEE Conference on Computer Vision and Pattern Recognition},
  pages={5413--5421},
  year={2016}
}


@article{chen2019attention,
  title={Attention-based Context Aggregation Network for Monocular Depth Estimation},
  author={Chen, Yuru and Zhao, Haitao and Hu, Zhengwei},
  journal={arXiv preprint arXiv:1901.10137},
  year={2019}
}

@article{bhoi2019monocular,
  title={Monocular Depth Estimation: A Survey},
  author={Bhoi, Amlaan},
  journal={CoRR},
  year={2019},
  volume={abs/1901.09402}
}

@article{grossmann1987depth,
  title={Depth from focus},
  author={Grossmann, Paul},
  journal={Pattern recognition letters},
  volume={5},
  number={1},
  pages={63--69},
  year={1987},
  publisher={Elsevier}
}

@article{mittal2015survey,
  title={A survey of CPU-GPU heterogeneous computing techniques},
  author={Mittal, Sparsh and Vetter, Jeffrey S},
  journal={ACM Computing Surveys (CSUR)},
  volume={47},
  number={4},
  pages={69},
  year={2015},
  publisher={ACM}
}

@article{mittal2019survey,
  title={A Survey on optimized implementation of deep learning models on the NVIDIA Jetson platform},
  author={Mittal, Sparsh},
  journal={Journal of Systems Architecture},
  year={2019},
  publisher={Elsevier}
}

@article{salvi2004pattern,
  title={Pattern codification strategies in structured light systems},
  author={Salvi, Joaquim and Pages, Jordi and Batlle, Joan},
  journal={Pattern recognition},
  volume={37},
  number={4},
  pages={827--849},
  year={2004},
  publisher={Elsevier}
}
@article{bulthoff1988integration,
  title={Integration of depth modules: stereo and shading},
  author={B{\"u}lthoff, Heinrich H and Mallot, Hanspeter A},
  journal={Josa a},
  volume={5},
  number={10},
  pages={1749--1758},
  year={1988},
  publisher={Optical Society of America}
}

@article{ullman1979interpretation,
  title={The interpretation of structure from motion},
  author={Ullman, Shimon},
  journal={Proceedings of the Royal Society of London. Series B. Biological Sciences},
  volume={203},
  number={1153},
  pages={405--426},
  year={1979},
  publisher={The Royal Society London}
}

@inproceedings{laina2016deeper,
  title={Deeper depth prediction with fully convolutional residual networks},
  author={Laina, Iro and Rupprecht, Christian and Belagiannis, Vasileios and Tombari, Federico and Navab, Nassir},
  booktitle={2016 Fourth international conference on 3D vision (3DV)},
  pages={239--248},
  year={2016},
  organization={IEEE}
}

@article{Alhashim2018,
  author    = {Ibraheem Alhashim and Peter Wonka},
  title     = {High Quality Monocular Depth Estimation via Transfer Learning},
  journal   = {arXiv e-prints},
  volume    = {abs/1812.11941},
  year      = {2018},
  eid       = {arXiv:1812.11941},
  eprint    = {1812.11941}
}


@inproceedings{garg2016unsupervised,
  title={Unsupervised cnn for single view depth estimation: Geometry to the rescue},
  author={Garg, Ravi and BG, Vijay Kumar and Carneiro, Gustavo and Reid, Ian},
  booktitle={European Conference on Computer Vision},
  pages={740--756},
  year={2016},
  organization={Springer}
}

@article{kingma2014adam,
  title={Adam: A method for stochastic optimization},
  author={Kingma, Diederik P and Ba, Jimmy},
  journal={arXiv preprint arXiv:1412.6980},
  year={2014}
}

@InProceedings{Zhou_2017_CVPR,
author = {Zhou, Tinghui and Brown, Matthew and Snavely, Noah and Lowe, David G.},
title = {Unsupervised Learning of Depth and Ego-Motion From Video},
booktitle = {The IEEE Conference on Computer Vision and Pattern Recognition (CVPR)},
month = {July},
year = {2017}
} 



 @InProceedings{Xu_2018_CVPR,
author = {Xu, Dan and Wang, Wei and Tang, Hao and Liu, Hong and Sebe, Nicu and Ricci, Elisa},
title = {Structured Attention Guided Convolutional Neural Fields for Monocular Depth Estimation},
booktitle = {The IEEE Conference on Computer Vision and Pattern Recognition (CVPR)},
month = {June},
year = {2018}
}

@inproceedings{liu2015deep,
  title={Deep convolutional neural fields for depth estimation from a single image},
  author={Liu, Fayao and Shen, Chunhua and Lin, Guosheng},
  booktitle={Proceedings of the IEEE Conference on Computer Vision and Pattern Recognition},
  pages={5162--5170},
  year={2015}
}

@inproceedings{eigen2014depth,
  title={Depth map prediction from a single image using a multi-scale deep network},
  author={Eigen, David and Puhrsch, Christian and Fergus, Rob},
  booktitle={Advances in neural information processing systems},
  pages={2366--2374},
  year={2014}
}

 @InProceedings{Eigen_2015_ICCV,
author = {Eigen, David and Fergus, Rob},
title = {Predicting Depth, Surface Normals and Semantic Labels With a Common Multi-Scale Convolutional Architecture},
booktitle = {The IEEE International Conference on Computer Vision (ICCV)},
month = {December},
year = {2015}
}

@article{Kalantari,
author = {Kalantari, Mohsen and Nechifor, Mioara},
year = {2016},
month = {10},
pages = {1-8},
title = {Accuracy and utility of the Structure Sensor for collecting 3D indoor information},
volume = {19},
journal = {Geo-spatial Information Science},
doi = {10.1080/10095020.2016.1235817}
}
@article{geomar41830,
          volume = {114},
          number = {12},
          author = {Marvin Lindner and Ingo Schiller and Andreas Kolb and Reinhard Koch},
             DOI = {doi:10.1016/j.cviu.2009.11.002},
           title = {Time-of-Flight sensor calibration for accurate range sensing},
       publisher = {ARRAY(0x9f19d18)},
            year = {2010},
         journal = {Computer Vision and Image Understanding},
           pages = {1318--1328},
             url = {http://oceanrep.geomar.de/41830/},
        abstract = {Over the past years Time-of-Flight (ToF) sensors have become a considerable alternative to conventional distance sensing techniques like laser scanners or image based stereo-vision. Due to the ability to provide full-range distance information at high frame-rates, ToF sensors achieve a significant impact onto current research areas like online object recognition, collision prevention or scene and object reconstruction. Nevertheless, ToF-cameras like the Photonic Mixer Device (PMD) still exhibit a number of error sources that affect the accuracy of measured distance information. For this reason, major error sources for ToF-cameras will be discussed, along with a new calibration approach that combines intrinsic, distance as well as a reflectivity related error calibration in an overall, easy to use system and thus significantly reduces the number of necessary reference images. The main contribution, in this context, is a new intensity-based calibration model that requires less input data compared to other models and thus significantly contributes to the reduction of calibration data.}
}@article{geomar41830,
          volume = {114},
          number = {12},
          author = {Marvin Lindner and Ingo Schiller and Andreas Kolb and Reinhard Koch},
             DOI = {doi:10.1016/j.cviu.2009.11.002},
           title = {Time-of-Flight sensor calibration for accurate range sensing},
       publisher = {ARRAY(0x9f19d18)},
            year = {2010},
         journal = {Computer Vision and Image Understanding},
           pages = {1318--1328},
             url = {http://oceanrep.geomar.de/41830/},
        }
}
@InProceedings{shiny,
author="Alhwarin, Faraj
and Ferrein, Alexander
and Scholl, Ingrid",
editor="Pham, Duc-Nghia
and Park, Seong-Bae",
title="IR Stereo Kinect: Improving Depth Images by Combining Structured Light with IR Stereo",
booktitle="PRICAI 2014: Trends in Artificial Intelligence",
year="2014",
publisher="Springer International Publishing",
address="Cham",
pages="409--421",
isbn="978-3-319-13560-1"
}

@inproceedings{zamir2018taskonomy,
  title={Taskonomy: Disentangling task transfer learning},
  author={Zamir, Amir R and Sax, Alexander and Shen, William and Guibas, Leonidas J and Malik, Jitendra and Savarese, Silvio},
  booktitle={Proceedings of the IEEE Conference on Computer Vision and Pattern Recognition},
  pages={3712--3722},
  year={2018}
}
@ARTICLE{6678248, 
author={C. {Guillemot} and O. {Le Meur}}, 
journal={IEEE Signal Processing Magazine}, 
title={Image Inpainting : Overview and Recent Advances}, 
year={2014}, 
volume={31}, 
number={1}, 
pages={127-144}, 
keywords={image restoration;image inpainting;image restoration;text overlays;impaired image transmission;object removal;image-based rendering;IBR;cameras;disocclusion;art restoration;Image edge detection;Tensile stress;Image color analysis;Mathematical model;Smoothing methods}, 
doi={10.1109/MSP.2013.2273004}, 
ISSN={1053-5888}, 
month={Jan},}
@article{deptherror,
author = {He, Ying and Liang, Bin and Zou, Yu and He, Jin and Yang, Jun},
year = {2017},
month = {01},
pages = {92},
title = {Depth Errors Analysis and Correction for Time-of-Flight (ToF) Cameras},
volume = {17},
journal = {Sensors},
doi = {10.3390/s17010092}
}
@inproceedings{Silberman:ECCV12,
  author    = {Nathan Silberman, Derek Hoiem, Pushmeet Kohli and Rob Fergus},
  title     = {Indoor Segmentation and Support Inference from RGBD Images},
  booktitle = {ECCV},
  year      = {2012}
}

@inproceedings{silberman11indoor,
  Author = {N. Silberman and R. Fergus},
  Title = {Indoor Scene Segmentation using a Structured Light Sensor},
  Booktitle = {Proceedings of the International Conference on Computer Vision
               - Workshop on 3D Representation and Recognition},
  Year = {2011}
}

@article{Learning8360460,
author={L. {He} and G. {Wang} and Z. {Hu}},
journal={IEEE Transactions on Image Processing},
title={Learning Depth From Single Images With Deep Neural Network Embedding Focal Length},
year={2018},
volume={27},
number={9},
pages={4676-4689},
doi={10.1109/TIP.2018.2832296},
ISSN={1057-7149},
month={Sep.},}

@mastersthesis{Janoch:EECS-2012-85,
    Author = {Janoch, Allison},
    Editor = {Darrell, Trevor and Abbeel, Pieter and Malik, Jitendra},
    Title = {The Berkeley 3D Object Dataset},
    School = {EECS Department, University of California, Berkeley},
    Year = {2012},
    Month = {May},
    URL = {http://www2.eecs.berkeley.edu/Pubs/TechRpts/2012/EECS-2012-85.html},
    Number = {UCB/EECS-2012-85},
    
}

@article{kinecttof,
author = {Lun, Roanna and Zhao, Wenbing},
year = {2015},
month = {03},
pages = {150330235202000},
title = {A Survey of Applications and Human Motion Recognition with Microsoft Kinect},
volume = {29},
journal = {International Journal of Pattern Recognition and Artificial Intelligence},
doi = {10.1142/S0218001415550083}
}
@Inbook{Janoch2013,
author="Janoch, Allison
and Karayev, Sergey
and Jia, Yangqing
and Barron, Jonathan T.
and Fritz, Mario
and Saenko, Kate
and Darrell, Trevor",
editor="Fossati, Andrea
and Gall, Juergen
and Grabner, Helmut
and Ren, Xiaofeng
and Konolige, Kurt",
title="A Category-Level 3D Object Dataset: Putting the Kinect to Work",
bookTitle="Consumer Depth Cameras for Computer Vision: Research Topics and Applications",
year="2013",
publisher="Springer London",
address="London",
pages="141--165",
isbn="978-1-4471-4640-7",
doi="10.1007/978-1-4471-4640-7_8",
url="https://doi.org/10.1007/978-1-4471-4640-7_8"
}


@inproceedings{deng2009imagenet,
  title={Imagenet: A large-scale hierarchical image database},
  author={Deng, Jia and Dong, Wei and Socher, Richard and Li, Li-Jia and Li, Kai and Fei-Fei, Li},
  booktitle={2009 IEEE conference on computer vision and pattern recognition},
  pages={248--255},
  year={2009},
  organization={Ieee},
}

@article{3Dscene,
author = {Koppula, Hema and Anand, Abhishek and Joachims, Thorsten and Saxena, Ashutosh},
year = {2011},
month = {06},
pages = {},
title = {Labeling 3D scenes for Personal Assistant Robots}
}

@INPROCEEDINGS{Washington, 
author={K. {Lai} and L. {Bo} and X. {Ren} and D. {Fox}}, 
booktitle={2011 IEEE International Conference on Robotics and Automation}, 
title={A large-scale hierarchical multi-view RGB-D object dataset}, 
year={2011}, 
volume={}, 
number={}, 
pages={1817-1824}, 
keywords={image colour analysis;image sensors;object recognition;robot vision;video signal processing;large-scale hierarchical multiview RGB-D object dataset;public image repositories;public image recognition;visual object category;instance detection;robotic object recognition;dataset collection procedure;RGB-D camera;Cameras;Videos;Video sequences;Three dimensional displays;Visualization;Object recognition;Robot sensing systems}, 
doi={10.1109/ICRA.2011.5980382}, 
ISSN={1050-4729}, 
month={May},}

@ARTICLE{Geiger2013IJRR,
  author = {Andreas Geiger and Philip Lenz and Christoph Stiller and Raquel Urtasun},
  title = {Vision meets Robotics: The KITTI Dataset},
  journal = {International Journal of Robotics Research (IJRR)},
  year = {2013}
} 

@InProceedings{MIFDB16,
  author       = "N.Mayer and E.Ilg and P.H{\"a}usser and P.Fischer and D.Cremers and A.Dosovitskiy and T.Brox",
  title        = "A Large Dataset to Train Convolutional Networks for Disparity, Optical Flow, and Scene Flow Estimation",
  booktitle    = "IEEE International Conference on Computer Vision and Pattern Recognition (CVPR)",
  month        = " ",
  year         = "2016",
  note         = "arXiv:1512.02134",
  url          = "http://lmb.informatik.uni-freiburg.de/Publications/2016/MIFDB16"
}

@inproceedings{Butler:ECCV:2012,
  title = {A naturalistic open source movie for optical flow evaluation},
  author = {Butler, D. J. and Wulff, J. and Stanley, G. B. and Black, M. J.},
  booktitle = {European Conf. on Computer Vision (ECCV)},
  pages = {611--625},
  series = {Part IV, LNCS 7577},
  editors = {{A. Fitzgibbon et al. (Eds.)}},
  publisher = {Springer-Verlag},
  month = oct,
  year = {2012},
  month_numeric = {10}
}

@article{DBLP:journals/corr/ChenFYD16,
  author    = {Weifeng Chen and
               Zhao Fu and
               Dawei Yang and
               Jia Deng},
  title     = {Single-Image Depth Perception in the Wild},
  journal   = {CoRR},
  volume    = {abs/1604.03901},
  year      = {2016},
  url       = {http://arxiv.org/abs/1604.03901},
  archivePrefix = {arXiv},
  eprint    = {1604.03901},
  timestamp = {Mon, 13 Aug 2018 16:47:39 +0200},
  biburl    = {https://dblp.org/rec/bib/journals/corr/ChenFYD16},
  bibsource = {dblp computer science bibliography, https://dblp.org}
}

@inproceedings{hu2019revisiting,
  title={Revisiting single image depth estimation: Toward higher resolution maps with accurate object boundaries},
  author={Hu, Junjie and Ozay, Mete and Zhang, Yan and Okatani, Takayuki},
  booktitle={2019 IEEE Winter Conference on Applications of Computer Vision (WACV)},
  pages={1043--1051},
  year={2019},
  organization={IEEE}
}


@book{friedman2001elements,
  title={The elements of statistical learning},
  author={Friedman, Jerome and Hastie, Trevor and Tibshirani, Robert},
  volume={1},
  number={10},
  year={2001},
  publisher={Springer series in statistics New York}
}

@misc{tensorflow2015-whitepaper,
title={{TensorFlow}: Large-Scale Machine Learning on Heterogeneous Systems},
url={http://tensorflow.org/},
note={Software available from tensorflow.org},
author={
    Mart\'{\i}n~Abadi and
    Ashish~Agarwal and
    Paul~Barham and
    Eugene~Brevdo and
    Zhifeng~Chen and
    Craig~Citro and
    Greg~S.~Corrado and
    Andy~Davis and
    Jeffrey~Dean and
    Matthieu~Devin and
    Sanjay~Ghemawat and
    Ian~Goodfellow and
    Andrew~Harp and
    Geoffrey~Irving and
    Michael~Isard and
    Yangqing Jia and
    Rafal~Jozefowicz and
    Lukasz~Kaiser and
    Manjunath~Kudlur and
    Josh~Levenberg and
    Dan~Man\'{e} and
    Rajat~Monga and
    Sherry~Moore and
    Derek~Murray and
    Chris~Olah and
    Mike~Schuster and
    Jonathon~Shlens and
    Benoit~Steiner and
    Ilya~Sutskever and
    Kunal~Talwar and
    Paul~Tucker and
    Vincent~Vanhoucke and
    Vijay~Vasudevan and
    Fernanda~Vi\'{e}gas and
    Oriol~Vinyals and
    Pete~Warden and
    Martin~Wattenberg and
    Martin~Wicke and
    Yuan~Yu and
    Xiaoqiang~Zheng},
  year={2015},
}
